@article{portnow2013history,
author={Portnow LH, Vaillancourt DE, Okun MS}, 
title={The history of cerebral PET scanning: from physiology to cutting-edge technology.}, 
journal={Neurology}, 
pages={vol. 80,10, 952-956}, 
year={2013}, 
doi={doi:10.1212/WNL.0b013e318285c135}
}
@article{tong2010petctreview,
author={Tong S, Alessio AM, Kinahan PE.}, 
title={Image reconstruction for PET/CT scanners: past achievements and future challenges.},
journal={Imaging in medicine},
page={vol. 2,5, 529-545}, 
year={2010},
doi={doi:10.2217/iim.10.49}
}
@article{adam2007intro,
author={Adam Alessio},
title={Introduction to PET Image Reconstruction},
year={2007},
url={http://depts.washington.edu/imreslab/from%20old%20SITE/pet_intro/nmphysics_fall07/alessioPETreconstruction07.pdf}
}
@article{wang2021tof,
title = {PET image reconstruction using physical and mathematical modelling for time of flight PET-MR scanners in the STIR library},
journal = {Methods},
volume = {185},
pages = {110-119},
year = {2021},
issn = {1046-2023},
doi = {https://doi.org/10.1016/j.ymeth.2020.01.005},
url = {https://www.sciencedirect.com/science/article/pii/S1046202319301938},
author = {Palak Wadhwa, Kris Thielemans},
keywords = {Positron emission tomography, STIR, PET/MR, Tomography, Image reconstruction},
}
@article{aj2020dl,  author={A. J. {Reader} and G. {Corda} and A. {Mehranian} and C. d. {Costa-Luis} and S. {Ellis} and J. A. {Schnabel}},  journal={IEEE Transactions on Radiation and Plasma Medical Sciences},   title={Deep Learning for PET Image Reconstruction},   year={2021},  volume={5},  number={1},  pages={1-25},  doi={10.1109/TRPMS.2020.3014786}}

