@article{Jacob:2019:gdp,
author = {Assa, Jacob},
year = {2019},
month = {09},
pages = {},
title = {Gross Domestic Power: A History of GDP as Numerical Rhetoric}
}
@misc{worldbank:2020:gdp,
  author       = {World Bank},
  title        = {GDP (current U.S. dolars)},
  year         = {2020},
  howpublished = {https://data.worldbank.org/indicator/NY.GDP.MKTP.CD},
}
@misc{bokeh:2018,
  author = {Bokeh Development Team},
  title = {Bokeh: Python library for interactive visualization},
  year = {2018},
  howpublished = {https://bokeh.pydata.org/en/latest/},
 }
 
@misc{natrualearth:2018,
  author       = {Natural Earth},
  title        = {1:110m Cultural Vectors, Admin o - Countries},
  month        = {},
  year         = {2018},
  howpublished = {https://www.naturalearthdata.com/downloads/110m-cultural-vectors/},
}
@manual{esri:1998:shapefile,
  title        = {ESRI Shapefile Technical Description - An ESRI White Paper},
  author       = {ESRI},
  year         = {1998}
}
