@article{Zhang2021DatasetGANEL,
  title={DatasetGAN: Efficient Labeled Data Factory with Minimal Human Effort},
  author={Yuxuan Zhang and Huan Ling and Jun Gao and K. Yin and Jean-Francois Lafleche and Adela Barriuso and A. Torralba and S. Fidler},
  journal={ArXiv},
  year={2021},
  volume={abs/2104.06490}
}

@article{chen2017rethinking,
  title={Rethinking atrous convolution for semantic image segmentation},
  author={Chen, Liang-Chieh and Papandreou, George and Schroff, Florian and Adam, Hartwig},
  journal={arXiv preprint arXiv:1706.05587},
  year={2017}
}

@inproceedings{Ronneberger2015UNetCN,
  title={U-Net: Convolutional Networks for Biomedical Image Segmentation},
  author={O. Ronneberger and P. Fischer and T. Brox},
  booktitle={MICCAI},
  year={2015}
}

@inproceedings{long2015fully,
  title={Fully convolutional networks for semantic segmentation},
  author={Long, Jonathan and Shelhamer, Evan and Darrell, Trevor},
  booktitle={Proceedings of the IEEE conference on computer vision and pattern recognition},
  pages={3431--3440},
  year={2015}
}

@article{karras2020training,
  title={Training generative adversarial networks with limited data},
  author={Karras, Tero and Aittala, Miika and Hellsten, Janne and Laine, Samuli and Lehtinen, Jaakko and Aila, Timo},
  journal={arXiv preprint arXiv:2006.06676},
  year={2020}
}

@article{Karras2019ASG,
  title={A Style-Based Generator Architecture for Generative Adversarial Networks},
  author={Tero Karras and S. Laine and Timo Aila},
  journal={2019 IEEE/CVF Conference on Computer Vision and Pattern Recognition (CVPR)},
  year={2019},
  pages={4396-4405}
}

@article{Karras2020AnalyzingAI,
  title={Analyzing and Improving the Image Quality of StyleGAN},
  author={Tero Karras and S. Laine and M. Aittala and Janne Hellsten and J. Lehtinen and Timo Aila},
  journal={2020 IEEE/CVF Conference on Computer Vision and Pattern Recognition (CVPR)},
  year={2020},
  pages={8107-8116}
}

@article{singh2021medical,
  title={Medical Image Generation Using Generative Adversarial Networks: A Review},
  author={Singh, Nripendra Kumar and Raza, Khalid},
  journal={Health Informatics: A Computational Perspective in Healthcare},
  pages={77--96},
  year={2021},
  publisher={Springer}
}

@article{Kazeminia2020GANsFM,
  title={GANs for Medical Image Analysis},
  author={Salome Kazeminia and Christoph Baur and Arjan Kuijper and B. Ginneken and Nassir Navab and Shadi Albarqouni and A. Mukhopadhyay},
  journal={ArXiv},
  year={2020},
  volume={abs/1809.06222}
}

@article{Wang2020ASR,
  title={A State-of-the-Art Review on Image Synthesis With Generative Adversarial Networks},
  author={L. Wang and Wanchun Chen and Wenjia Yang and Fangming Bi and F. Yu},
  journal={IEEE Access},
  year={2020},
  volume={8},
  pages={63514-63537}
}

@article{Yang2021ASO,
  title={A Survey on Deep Semi-supervised Learning},
  author={Xiangli Yang and Zixing Song and Irwin King and Zenglin Xu},
  journal={ArXiv},
  year={2021},
  volume={abs/2103.00550}
}

@article{Zhou2019CollaborativeLO,
title={Collaborative Learning of Semi-Supervised Segmentation and Classification for Medical Images},
author={Yi Zhou and Xiaodong He and Lei Huang and L. Liu and F. Zhu and Shanshan Cui and L. Shao},
journal={2019 IEEE/CVF Conference on Computer Vision and Pattern Recognition (CVPR)},
year={2019},
pages={2074-2083}
}

@inproceedings{Luo2021SemisupervisedMI,
  title={Semi-supervised Medical Image Segmentation through Dual-task Consistency},
  author={Xiangde Luo and Jieneng Chen and Tao Song and Yinan Chen and Guotai Wang and Shaoting Zhang},
  booktitle={AAAI},
  year={2021}
}

@article{Goodfellow2014GenerativeAN,
  title={Generative Adversarial Networks},
  author={Ian J. Goodfellow and Jean Pouget-Abadie and Mehdi Mirza and Bing Xu and David Warde-Farley and Sherjil Ozair and Aaron C. Courville and Yoshua Bengio},
  journal={ArXiv},
  year={2014},
  volume={abs/1406.2661}
}

@article{Kingma2015AdamAM,
  title={Adam: A Method for Stochastic Optimization},
  author={Diederik P. Kingma and Jimmy Ba},
  journal={CoRR},
  year={2015},
  volume={abs/1412.6980}
}

@article{Lambert2020SegTHORSO,
  title={SegTHOR: Segmentation of Thoracic Organs at Risk in CT images},
  author={Z. Lambert and C. Petitjean and B. Dubray and S. Ruan},
  journal={2020 Tenth International Conference on Image Processing Theory, Tools and Applications (IPTA)},
  year={2020},
  pages={1-6}
}

@article{He2015DelvingDI,
  title={Delving Deep into Rectifiers: Surpassing Human-Level Performance on ImageNet Classification},
  author={Kaiming He and X. Zhang and Shaoqing Ren and Jian Sun},
  journal={2015 IEEE International Conference on Computer Vision (ICCV)},
  year={2015},
  pages={1026-1034}
}

@article{Yadav2019DeepCN,
  title={Deep convolutional neural network based medical image classification for disease diagnosis},
  author={Samir S. Yadav and Shivajirao Manikrao Jadhav},
  journal={Journal of Big Data},
  year={2019},
  volume={6},
  pages={1-18}
}

@article{wang2020covid,
  title={COVID-Net: A Tailored Deep Convolutional Neural Network Design for Detection of COVID-19 Cases from Chest X-Ray Images},
  author={Wang, Linda and Wong, Alexander},
  journal={arXiv preprint arXiv:2003.09871},
  year={2020}
}

@inproceedings{murthy2017center,
  title={Center-focusing multi-task CNN with injected features for classification of glioma nuclear images},
  author={Murthy, Veda and Hou, Le and Samaras, Dimitris and Kurc, Tahsin M and Saltz, Joel H},
  booktitle={2017 IEEE Winter Conference on Applications of Computer Vision (WACV)},
  pages={834--841},
  year={2017},
  organization={IEEE}
}

@inproceedings{ronneberger2015u,
  title={U-net: Convolutional networks for biomedical image segmentation},
  author={Ronneberger, Olaf and Fischer, Philipp and Brox, Thomas},
  booktitle={International Conference on Medical image computing and computer-assisted intervention},
  pages={234--241},
  year={2015},
  organization={Springer}
}

@article{zhou2019review,
  title={A review: Deep learning for medical image segmentation using multi-modality fusion},
  author={Zhou, Tongxue and Ruan, Su and Canu, St{\'e}phane},
  journal={Array},
  volume={3},
  pages={100004},
  year={2019},
  publisher={Elsevier}
}

@article{shorten2019survey,
  title={A survey on image data augmentation for deep learning},
  author={Shorten, Connor and Khoshgoftaar, Taghi M},
  journal={Journal of Big Data},
  volume={6},
  number={1},
  pages={1--48},
  year={2019},
  publisher={Springer}
}

@article{Aggarwal2021DiagnosticAO,
  title={Diagnostic accuracy of deep learning in medical imaging: a systematic review and meta-analysis},
  author={Ravinder Aggarwal and Viknesh Sounderajah and Guy Martin and Daniel Shu Wei Ting and Alan Karthikesalingam and Dominic King and Hutan Ashrafian and Ara Darzi},
  journal={NPJ Digital Medicine},
  year={2021},
  volume={4}
}

@article{zhuang2020comprehensive,
  title={A comprehensive survey on transfer learning},
  author={Zhuang, Fuzhen and Qi, Zhiyuan and Duan, Keyu and Xi, Dongbo and Zhu, Yongchun and Zhu, Hengshu and Xiong, Hui and He, Qing},
  journal={Proceedings of the IEEE},
  volume={109},
  number={1},
  pages={43--76},
  year={2020},
  publisher={IEEE}
}

@inproceedings{bai2017semi,
  title={Semi-supervised learning for network-based cardiac MR image segmentation},
  author={Bai, Wenjia and Oktay, Ozan and Sinclair, Matthew and Suzuki, Hideaki and Rajchl, Martin and Tarroni, Giacomo and Glocker, Ben and King, Andrew and Matthews, Paul M and Rueckert, Daniel},
  booktitle={International Conference on Medical Image Computing and Computer-Assisted Intervention},
  pages={253--260},
  year={2017},
  organization={Springer}
}

@inproceedings{zhou2019collaborative,
  title={Collaborative learning of semi-supervised segmentation and classification for medical images},
  author={Zhou, Yi and He, Xiaodong and Huang, Lei and Liu, Li and Zhu, Fan and Cui, Shanshan and Shao, Ling},
  booktitle={Proceedings of the IEEE/CVF Conference on Computer Vision and Pattern Recognition},
  pages={2079--2088},
  year={2019}
}

@article{Mondal2018Fewshot3M,
  title={Few-shot 3D Multi-modal Medical Image Segmentation using Generative Adversarial Learning},
  author={Arnab Kumar Mondal and Jos{\'e} Dolz and Christian Desrosiers},
  journal={ArXiv},
  year={2018},
  volume={abs/1810.12241}
}

@inproceedings{Lee2013PseudoLabelT,
  title={Pseudo-Label : The Simple and Efficient Semi-Supervised Learning Method for Deep Neural Networks},
  author={Dong-Hyun Lee},
  year={2013}
}

@article{Ouali2020SemiSupervisedSS,
  title={Semi-Supervised Semantic Segmentation With Cross-Consistency Training},
  author={Yassine Ouali and C{\'e}line Hudelot and Myriam Tami},
  journal={2020 IEEE/CVF Conference on Computer Vision and Pattern Recognition (CVPR)},
  year={2020},
  pages={12671-12681}
}

@article{xie2019unsupervised,
  title={Unsupervised data augmentation for consistency training},
  author={Xie, Qizhe and Dai, Zihang and Hovy, Eduard and Luong, Minh-Thang and Le, Quoc V},
  journal={arXiv preprint arXiv:1904.12848},
  year={2019}
}

@article{Li2021SemanticSW,
  title={Semantic Segmentation with Generative Models: Semi-Supervised Learning and Strong Out-of-Domain Generalization},
  author={Daiqing Li and Junlin Yang and Karsten Kreis and Antonio Torralba and Sanja Fidler},
  journal={2021 IEEE/CVF Conference on Computer Vision and Pattern Recognition (CVPR)},
  year={2021},
  pages={8296-8307}
}

@incollection{NEURIPS2019_9015,
title = {PyTorch: An Imperative Style, High-Performance Deep Learning Library},
author = {Paszke, Adam and Gross, Sam and Massa, Francisco and Lerer, Adam and Bradbury, James and Chanan, Gregory and Killeen, Trevor and Lin, Zeming and Gimelshein, Natalia and Antiga, Luca and Desmaison, Alban and Kopf, Andreas and Yang, Edward and DeVito, Zachary and Raison, Martin and Tejani, Alykhan and Chilamkurthy, Sasank and Steiner, Benoit and Fang, Lu and Bai, Junjie and Chintala, Soumith},
booktitle = {Advances in Neural Information Processing Systems 32},
editor = {H. Wallach and H. Larochelle and A. Beygelzimer and F. d\textquotesingle Alch\'{e}-Buc and E. Fox and R. Garnett},
pages = {8024--8035},
year = {2019},
publisher = {Curran Associates, Inc.},
url = {http://papers.neurips.cc/paper/9015-pytorch-an-imperative-style-high-performance-deep-learning-library.pdf}
}

@inproceedings{Heusel2017GANsTB,
  title={GANs Trained by a Two Time-Scale Update Rule Converge to a Local Nash Equilibrium},
  author={Martin Heusel and Hubert Ramsauer and Thomas Unterthiner and Bernhard Nessler and Sepp Hochreiter},
  booktitle={NIPS},
  year={2017}
}
@article{kingma2014adam,
  title={Adam: A method for stochastic optimization},
  author={Kingma, Diederik P and Ba, Jimmy},
  journal={arXiv preprint arXiv:1412.6980},
  year={2014}
}

@INPROCEEDINGS{van2015nabird,
  author={Van Horn, Grant and Branson, Steve and Farrell, Ryan and Haber, Scott and Barry, Jessie and Ipeirotis, Panos and Perona, Pietro and Belongie, Serge},
  booktitle={2015 IEEE Conference on Computer Vision and Pattern Recognition (CVPR)}, 
  title={Building a bird recognition app and large scale dataset with citizen scientists: The fine print in fine-grained dataset collection}, 
  year={2015},
  volume={},
  number={},
  pages={595-604},
  doi={10.1109/CVPR.2015.7298658}}

@inproceedings{ioffe2015batch,
  title={Batch normalization: Accelerating deep network training by reducing internal covariate shift},
  author={Ioffe, Sergey and Szegedy, Christian},
  booktitle={International conference on machine learning},
  pages={448--456},
  year={2015},
  organization={PMLR}
}