@book{insana2020biomedical,
  author         = {Michael F. Insana},
  editor         = {Cambridge},
  title          = {Biomedical Measurement Systems and Data Sciences},
  publisher      = {Cambridge University Press},
  year           = {2020}
}